@article{_i_ek_2016,
   title={3D U-Net: Learning Dense Volumetric Segmentation from Sparse Annotation},
   ISBN={9783319467238},
   ISSN={1611-3349},
   url={http://dx.doi.org/10.1007/978-3-319-46723-8_49},
   DOI={10.1007/978-3-319-46723-8_49},
   journal={Lecture Notes in Computer Science},
   publisher={Springer International Publishing},
   author={Cicek, Ozgun and Abdulkadir, Ahmed and Lienkamp, Soeren S. and Brox, Thomas and Ronneberger, Olaf},
   year={2016},
   pages={424-432}
}